<record xmlns:xsi="http://www.w3.org/2001/XMLSchema-instance" xmlns="http://www.loc.gov/MARC21/slim" xsi:schemaLocation="http://www.loc.gov/MARC21/slim http://www.loc.gov/standards/marcxml/schema/MARC21slim.xsd">

  <leader>00672nam a2200193Ia 4500</leader>
  <controlfield tag="008">150716b1994    u  ||||| |||| 00| | e   d</controlfield>
  <datafield ind1=" " tag="020" ind2=" ">
    <subfield code="a">0873674642</subfield>
  </datafield>
  <datafield tag="090" ind2=" " ind1=" ">
    <subfield code="a">06.02.03 </subfield>
    <subfield code="b">1221</subfield>
  </datafield>
  <datafield tag="100" ind2=" " ind1="1">
    <subfield code="a">Astuto, Terry A.</subfield>
    <subfield code="9">373</subfield>
  </datafield>
  <datafield tag="245" ind2="0" ind1="1">
    <subfield code="a">Roots of Reform: Challenging the assumptions that control change in education / </subfield>
    <subfield code="c">Terry A. Astuto, David L. Clark, Anne Marie Read</subfield>
  </datafield>
  <datafield ind1=" " ind2=" " tag="260">
    <subfield code="a">USA : </subfield>
    <subfield code="b">Phi Delta Kappa Educational Foundation, </subfield>
    <subfield code="c">1994</subfield>
  </datafield>
  <datafield tag="300" ind2=" " ind1=" ">
    <subfield code="a">103 páginas</subfield>
  </datafield>
  <datafield ind1=" " ind2=" " tag="500">
    <subfield code="a">Material en idioma inglés</subfield>
  </datafield>
  <datafield tag="650" ind2="4" ind1="1">
    <subfield code="a">REFORMA DE LA EDUCACIÓN</subfield>
    <subfield code="9">7</subfield>
  </datafield>
  <datafield tag="650" ind2="4" ind1="1">
    <subfield code="a">MOVIMIENTOS SOCIALES</subfield>
    <subfield code="9">374</subfield>
  </datafield>
  <datafield tag="700" ind2=" " ind1="1">
    <subfield code="9">375</subfield>
    <subfield code="a">Clark, David L.</subfield>
  </datafield>
  <datafield ind1="0" ind2=" " tag="700">
    <subfield code="9">376</subfield>
    <subfield code="a">Read, Anne Marie</subfield>
  </datafield>
  <datafield tag="942" ind2=" " ind1=" ">
    <subfield code="2">z</subfield>
    <subfield code="c">01</subfield>
  </datafield>
  <datafield ind1=" " tag="999" ind2=" ">
    <subfield code="c">52</subfield>
    <subfield code="d">52</subfield>
  </datafield>
</record>